|join|Broil
|join|dfbbc
|player|p1|Broil|190
|player|p2|dfbbc|102
|gametype|singles
|gen|1
|tier|[Gen 1] Random Battle
|rated
|seed|4060,64122,200,19161
|rule|Sleep Clause Mod: Limit one foe put to sleep
|rule|Freeze Clause Mod: Limit one foe frozen
|rule|HP Percentage Mod: HP is shown in percentages
|
|start
|switch|p1a: Weepinbell|Weepinbell, L85|284\/284
|switch|p2a: Nidorina|Nidorina, L90|309\/309
|turn|1
|choice|move 2|switch 6
|
|switch|p2a: Kadabra|Kadabra, L85|242\/242
|move|p1a: Weepinbell|Stun Spore|p2a: Kadabra
|-status|p2a: Kadabra|par
|
|turn|2
|-message|dfbbc forfeited.
|
|win|Broil
|leave|dfbbc
|player|p2