|j|Diegolh
|j|Rian B
|player|p1|Diegolh|170
|player|p2|Rian B|101
|gametype|singles
|gen|1
|tier|[Gen 1] OU
|rated
|seed|50734,50003,54831,6126
|rule|Sleep Clause Mod: Limit one foe put to sleep
|rule|Freeze Clause Mod: Limit one foe frozen
|rule|Species Clause: Limit one of each Pokémon
|rule|OHKO Clause: OHKO moves are banned
|rule|Evasion Moves Clause: Evasion moves are banned
|rule|HP Percentage Mod: HP is shown in percentages
|
|start
|switch|p1a: Tauros|Tauros|353\/353
|switch|p2a: Arbok|Arbok|323\/323
|turn|1
|c|★Rian B|Chooze a frign move
|choice|move 3|move 1
|
|move|p1a: Tauros|Earthquake|p2a: Arbok
|-crit|p2a: Arbok
|-supereffective|p2a: Arbok
|-damage|p2a: Arbok|0 fnt
|faint|p2a: Arbok
|
|win|Diegolh
|player|p1
|player|p2
|raw|Diegolh's rating: 1104 &rarr; <strong>1122<\/strong><br \/>(+18 for winning)
|raw|Rian B's rating: 1000 &rarr; <strong>1000<\/strong><br \/>(+0 for losing)
|c|★Diegolh|uhu
|l|Rian B