|join|ggcummend
|join|arafalo2
|player|p1|ggcummend|10
|player|p2|arafalo2|266
|gametype|singles
|gen|1
|tier|[Gen 1] OU (beta)
|rated
|rule|Sleep Clause Mod: Limit one foe put to sleep
|rule|Species Clause: Limit one of each Pokemon
|rule|OHKO Clause: OHKO moves are banned
|rule|Moody Clause: Moody is banned
|rule|Evasion Moves Clause: Evasion moves are banned
|rule|Endless Battle Clause: Forcing endless battles is banned.
|rule|HP Percentage Mod: HP is reported as percentages
|
|start
|switch|p1a: Jynx|Jynx|333\/333
|switch|p2a: Jynx|Jynx|333\/333
|turn|1
|callback|decision
|
|move|p2a: Jynx|Lovely Kiss|p1a: Jynx|[miss]
|-miss|p2a: Jynx
|move|p1a: Jynx|Lovely Kiss|p2a: Jynx
|-status|p2a: Jynx|slp
|
|turn|2
|callback|decision
|
|switch|p2a: Chansey|Chansey|703\/703
|switch|p1a: Snorlax|Snorlax|523\/523
|
|turn|3
|callback|decision
|
|switch|p1a: Chansey|Chansey|703\/703
|move|p2a: Chansey|Thunder Wave|p1a: Chansey
|-status|p1a: Chansey|par
|
|turn|4
|callback|decision
|
|switch|p2a: Tauros|Tauros|353\/353
|move|p1a: Chansey|Ice Beam|p2a: Tauros
|-damage|p2a: Tauros|255\/353
|-status|p2a: Tauros|frz
|
|turn|5
|callback|decision
|-message|arafalo2 forfeited.
|
|win|ggcummend
|raw|Ladder updating...
|leave|arafalo2
|player|p2
|raw|ggcummend's rating: 1328 &rarr; <strong>1349<\/strong><br \/>(+21 for winning)
|raw|arafalo2's rating: 1269 &rarr; <strong>1249<\/strong><br \/>(-20 for losing)