|j|icekingninja
|j|uvash2
|player|p1|icekingninja|96
|player|p2|uvash2|101
|gametype|singles
|gen|1
|tier|[Gen 1] Random Battle
|rated
|seed|43167,7498,48,15535
|rule|Sleep Clause Mod: Limit one foe put to sleep
|rule|Freeze Clause Mod: Limit one foe frozen
|rule|HP Percentage Mod: HP is shown in percentages
|
|start
|switch|p1a: Poliwag|Poliwag, L96|272\/272
|switch|p2a: Bellsprout|Bellsprout, L96|291\/291
|turn|1
|choice|move 2|move 1
|
|move|p1a: Poliwag|Blizzard|p2a: Bellsprout
|-crit|p2a: Bellsprout
|-supereffective|p2a: Bellsprout
|-damage|p2a: Bellsprout|34\/291
|-status|p2a: Bellsprout|frz
|cant|p2a: Bellsprout|frz
|
|turn|2
|choice|move 1|switch 5
|
|switch|p2a: Electrode|Electrode, L90|291\/291
|move|p1a: Poliwag|Amnesia|p1a: Poliwag
|-boost|p1a: Poliwag|spd|2
|-boost|p1a: Poliwag|spa|2
|
|turn|3
|choice|move 4|move 3
|
|move|p2a: Electrode|Thunder|p1a: Poliwag|[miss]
|-miss|p2a: Electrode
|move|p1a: Poliwag|Surf|p2a: Electrode
|-damage|p2a: Electrode|127\/291
|
|turn|4
|choice|switch 5|move 1
|
|switch|p1a: Rhydon|Rhydon, L79|328\/328
|move|p2a: Electrode|Explosion|p1a: Rhydon
|-resisted|p1a: Rhydon
|-damage|p1a: Rhydon|250\/328
|faint|p2a: Electrode
|-message|uvash2 forfeited.
|
|win|icekingninja
|l|uvash2
|player|p2
|raw|icekingninja's rating: 1219 &rarr; <strong>1249<\/strong><br \/>(+30 for winning)
|raw|uvash2's rating: 1285 &rarr; <strong>1256<\/strong><br \/>(-29 for losing)