|join|Buts X
|join|NAM2F
|player|p1|Buts X|43
|player|p2|NAM2F|266
|gametype|singles
|gen|1
|tier|[Gen 1] Random Battle
|rated
|rule|Sleep Clause Mod: Limit one foe put to sleep
|rule|Freeze Clause Mod: Limit one foe frozen
|rule|HP Percentage Mod: HP is shown in percentages
|
|start
|switch|p1a: Moltres|Moltres, L85|327\/327
|switch|p2a: Raichu|Raichu, L85|276\/276
|turn|1
|c|★Buts X|oh this guy again
|c|★Buts X|i just lost a fight because body slam missed. i'm not a happy dude.
|c|★NAM2F|understandably
|
|switch|p1a: Tangela|Tangela, L85|284\/284
|move|p2a: Raichu|Surf|p1a: Tangela
|-crit|p1a: Tangela
|-resisted|p1a: Tangela
|-damage|p1a: Tangela|227\/284
|
|turn|2
|join|Randbats is Gay
|c|★Buts X|i had a poliwhirl all decked out wiht x4 special
|c| Randbats is Gay|I came as soon as I heard
|c|★Buts X|i know rite
|c|★Buts X|i was telling the tale of my last fight
|c|★Buts X|poliwag x4 amnesia
|c|★Buts X|alakazam para'd me, i was para'd, OHKO psychic crit
|c|★Buts X|i felt good, still up 5-3
|c|★Buts X|and holy fuck did chance kill me
|c| Randbats is Gay|was it vs slizzurp
|
|switch|p2a: Ivysaur|Ivysaur, L85|276\/276
|move|p1a: Tangela|Stun Spore|p2a: Ivysaur|[miss]
|-miss|p1a: Tangela
|
|turn|3
|c| Randbats is Gay|you're still in the room ill replay it after this
|c|★Buts X|yeahhh
|
|switch|p1a: Ivysaur|Ivysaur, L85|276\/276
|move|p2a: Ivysaur|Toxic|p1a: Ivysaur
|
|turn|4
|c|★Buts X|i get im not the greatest
|c|★Buts X|^^
|c|★Buts X|but wow things fell apart
|
|move|p2a: Ivysaur|Razor Leaf|p1a: Ivysaur
|-crit|p1a: Ivysaur
|-resisted|p1a: Ivysaur
|-damage|p1a: Ivysaur|249\/276
|move|p1a: Ivysaur|Body Slam|p2a: Ivysaur
|-damage|p2a: Ivysaur|223\/276
|
|turn|5
|
|move|p2a: Ivysaur|Razor Leaf|p1a: Ivysaur
|-crit|p1a: Ivysaur
|-resisted|p1a: Ivysaur
|-damage|p1a: Ivysaur|222\/276
|move|p1a: Ivysaur|Body Slam|p2a: Ivysaur
|-damage|p2a: Ivysaur|162\/276
|
|turn|6
|c| Randbats is Gay|hahaha
|
|move|p2a: Ivysaur|Leech Seed|p1a: Ivysaur
|-immune|p1a: Ivysaur|[msg]
|move|p1a: Ivysaur|Body Slam|p2a: Ivysaur
|-damage|p2a: Ivysaur|103\/276
|
|turn|7
|c| Randbats is Gay|uh
|c| Randbats is Gay|breh
|c| Randbats is Gay|n
|c|★NAM2F|lel
|c|★Buts X|i no longer understand
|c| Randbats is Gay|lol
|
|move|p1a: Ivysaur|Body Slam|p2a: Ivysaur
|-crit|p2a: Ivysaur
|-damage|p2a: Ivysaur|0 fnt
|faint|p2a: Ivysaur
|
|switch|p2a: Jynx|Jynx, L79|265\/265
|turn|8
|c|★Buts X|its okay... i need a win
|c|★NAM2F|i do too
|
|move|p2a: Jynx|Blizzard|p1a: Ivysaur|[miss]
|-miss|p2a: Jynx
|move|p1a: Ivysaur|Sleep Powder|p2a: Jynx
|-status|p2a: Jynx|slp
|
|turn|9
|c|★NAM2F|k
|c| Randbats is Gay|well lets hope you win next game
|c|★Buts X|thats not the way to get one
|
|cant|p2a: Jynx|slp
|move|p1a: Ivysaur|Body Slam|p2a: Jynx
|-damage|p2a: Jynx|188\/265 slp
|
|turn|10
|c| Randbats is Gay|^^^
|
|cant|p2a: Jynx|slp
|move|p1a: Ivysaur|Razor Leaf|p2a: Jynx|[miss]
|-miss|p1a: Ivysaur
|
|turn|11
|c|★Buts X|CMON
|c|★NAM2F|lmao
|c| Randbats is Gay|what a nice game so far
|c| Randbats is Gay|lmao
|
|cant|p2a: Jynx|slp
|-curestatus|p2a: Jynx|slp
|move|p1a: Ivysaur|Razor Leaf|p2a: Jynx
|-crit|p2a: Jynx
|-damage|p2a: Jynx|76\/265
|
|turn|12
|c| Randbats is Gay|thing is I should be surprised
|c| Randbats is Gay|but im not
|
|move|p2a: Jynx|Blizzard|p1a: Ivysaur
|-supereffective|p1a: Ivysaur
|-damage|p1a: Ivysaur|0 fnt
|faint|p1a: Ivysaur
|c| Randbats is Gay|ive seen it all :(
|c| Randbats is Gay|and by seen I mean experienced
|c|★Buts X|oh good
|
|switch|p1a: Tauros|Tauros, L79|280\/280
|turn|13
|c|★NAM2F|send in tangela imo
|c|★Buts X|you mean both boys and girl, rite
|c| Randbats is Gay|explosion miss to cost you a high ranked game? yep
|
|switch|p2a: Golem|Golem, L79|288\/288
|move|p1a: Tauros|Body Slam|p2a: Golem
|-resisted|p2a: Golem
|-damage|p2a: Golem|257\/288
|
|turn|14
|c| Randbats is Gay|yeah I've seen all sorts of genitals
|c| Randbats is Gay|that too
|
|switch|p1a: Tangela|Tangela, L85|227\/284
|move|p2a: Golem|Explosion|p1a: Tangela|[miss]
|-miss|p2a: Golem
|faint|p2a: Golem
|c| Randbats is Gay|LOL
|c|★NAM2F|un
|c|★Buts X|WOW
|c| Randbats is Gay|NO WAY
|c|★NAM2F|fucking
|c|★NAM2F|real
|c| Randbats is Gay|hahahahahahaha
|c| Randbats is Gay|aaaand this is already replay worthy
|c| Randbats is Gay|lmfao
|c|★Buts X|first time ive ever seen that in showdown
|
|switch|p2a: Jynx|Jynx, L79|76\/265
|turn|15
|c| Randbats is Gay|I was JUST talking about that
|
|move|p2a: Jynx|Blizzard|p1a: Tangela
|-supereffective|p1a: Tangela
|-damage|p1a: Tangela|12\/284
|move|p1a: Tangela|Hyper Beam|p2a: Jynx
|-damage|p2a: Jynx|0 fnt
|faint|p2a: Jynx
|c|★Buts X|dude thats some rare shit
|c| Randbats is Gay|dawg as mentioned I lost a game EXPRESSLY bc of that
|
|switch|p2a: Raichu|Raichu, L85|276\/276
|turn|16
|c| Randbats is Gay|as in 1 v 1
|c| Randbats is Gay|down to the wire
|c| Randbats is Gay|I explode on his hurt chansey
|c| Randbats is Gay|miss
|c| Randbats is Gay|gg
|
|move|p2a: Raichu|Thunderbolt|p1a: Tangela
|-crit|p1a: Tangela
|-resisted|p1a: Tangela
|-damage|p1a: Tangela|0 fnt
|faint|p1a: Tangela
|
|switch|p1a: Snorlax|Snorlax, L79|415\/415
|turn|17
|c| Randbats is Gay|it was an onix, had to explode and nothing else
|c|★NAM2F|nsffff
|
|move|p2a: Raichu|Thunderbolt|p1a: Snorlax
|-damage|p1a: Snorlax|280\/415
|-status|p1a: Snorlax|par
|move|p1a: Snorlax|Earthquake|p2a: Raichu
|-supereffective|p2a: Raichu
|-damage|p2a: Raichu|99\/276
|
|turn|18
|c|★Buts X|fgt fgt fgt...
|c|★Buts X|why
|c| Randbats is Gay|npf
|c| Randbats is Gay|nef
|
|move|p2a: Raichu|Thunder|p1a: Snorlax
|-crit|p1a: Snorlax
|-damage|p1a: Snorlax|0 fnt
|faint|p1a: Snorlax
|c| Randbats is Gay|ncf
|c|★Buts X|god hates me
|c|★Buts X|y does god hate me
|
|switch|p1a: Tauros|Tauros, L79|280\/280
|turn|19
|c| Randbats is Gay|ntf
|
|switch|p2a: Eevee|Eevee, L96|300\/300
|move|p1a: Tauros|Earthquake|p2a: Eevee
|-damage|p2a: Eevee|223\/300
|
|turn|20
|c| Randbats is Gay|swag eevee
|c| Randbats is Gay|everything is fine
|c| Randbats is Gay|gg buts
|c|★Buts X|dude you dont even know the half of it
|
|switch|p1a: Moltres|Moltres, L85|327\/327
|move|p2a: Eevee|Body Slam|p1a: Moltres
|-damage|p1a: Moltres|244\/327
|-status|p1a: Moltres|par
|
|turn|21
|c| Randbats is Gay|I'm ashamed to admit that I just got your name btw
|c|★NAM2F|^
|c|★Buts X|ha take forever
|
|move|p2a: Eevee|Body Slam|p1a: Moltres
|-damage|p1a: Moltres|166\/327 par
|cant|p1a: Moltres|par
|
|turn|22
|c|★Buts X|DUDE STOP WATCHING MY BATTLES SHIT ALWAYS GOES WRONG
|c| Randbats is Gay|well as unfortunate as all that was, that was a questionable switch buts
|c|★Buts X|not questionable. i need tauros
|
|move|p2a: Eevee|Body Slam|p1a: Moltres
|-damage|p1a: Moltres|83\/327 par
|move|p1a: Moltres|Fire Blast|p2a: Eevee
|-damage|p2a: Eevee|55\/300
|
|turn|23
|c| Randbats is Gay|eevee wasnt gonna kill it
|
|move|p2a: Eevee|Body Slam|p1a: Moltres
|-damage|p1a: Moltres|0 fnt
|faint|p1a: Moltres
|c| Randbats is Gay|but w\/e
|c|★Buts X|i cant have tauros take any damage
|c|★NAM2F|lol that roll ofc
|c| Randbats is Gay|you're still up
|
|switch|p1a: Tauros|Tauros, L79|280\/280
|turn|24
|c| Randbats is Gay|unless last is dope
|
|move|p1a: Tauros|Earthquake|p2a: Eevee
|-damage|p2a: Eevee|0 fnt
|faint|p2a: Eevee
|c| Randbats is Gay|and its def not
|
|switch|p2a: Magneton|Magneton, L85|259\/259
|turn|25
|c| Randbats is Gay|well thats not too bad
|c|★Buts X|shoot.
|c| Randbats is Gay|buts better be packing a weedle tho
|c|★Buts X|worse, actually
|
|move|p1a: Tauros|Earthquake|p2a: Magneton
|-crit|p2a: Magneton
|-supereffective|p2a: Magneton
|-damage|p2a: Magneton|14\/259
|move|p2a: Magneton|Thunder Wave|p1a: Tauros
|-status|p1a: Tauros|par
|
|turn|26
|c|★Buts X|FUCK
|c| Randbats is Gay|0.8 weedles
|c|★Buts X|i needed taht to kill
|c|★Buts X|gg
|
|move|p2a: Magneton|Thunderbolt|p1a: Tauros
|-damage|p1a: Tauros|140\/280 par
|move|p1a: Tauros|Earthquake|p2a: Magneton
|-supereffective|p2a: Magneton
|-damage|p2a: Magneton|0 fnt
|faint|p2a: Magneton
|c| Randbats is Gay|lol no way
|c| Randbats is Gay|raichu step the FUCK up
|
|switch|p2a: Raichu|Raichu, L85|99\/276
|turn|27
|c|★NAM2F|sadly this needs a thunder
|c| Randbats is Gay|^
|
|move|p2a: Raichu|Thunder|p1a: Tauros|[miss]
|-miss|p2a: Raichu
|move|p1a: Tauros|Earthquake|p2a: Raichu|[miss]
|-miss|p1a: Tauros
|
|turn|28
|c| Randbats is Gay|OMG
|c| Randbats is Gay|OMG
|c| Randbats is Gay|SADOKFJASD;OJFDLKGSJAD
|c| Randbats is Gay|GDSA
|c| Randbats is Gay|DGFASD
|c| Randbats is Gay|FGADSF
|c| Randbats is Gay|SADF
|c|★NAM2F|no fucking way
|c|★Buts X|.................................................................
|c| Randbats is Gay|this... this is our first battle
|c| Randbats is Gay|this session
|c|★Buts X|thats 2 in a row ive lost thx to 100% moves missing
|c|★NAM2F|dawg
|
|move|p2a: Raichu|Thunder|p1a: Tauros
|-damage|p1a: Tauros|0 fnt
|faint|p1a: Tauros
|
|switch|p1a: Seaking|Seaking, L85|310\/310
|turn|29
|c|★NAM2F|you know i need to hit another thunder to ohko this right
|c|★Buts X|hyper beam or surf
|c|★Buts X|right
|c| Randbats is Gay|^
|c| Randbats is Gay|buts I'd blizzard if I were you
|c| Randbats is Gay|:3
|c| Randbats is Gay|or mimic
|c|★NAM2F|^
|c| Randbats is Gay|or double edge
|c| Randbats is Gay|or w\/e
|c| Randbats is Gay|I'd use an item
|c| Randbats is Gay|to skip a turn
|c|★Buts X|god damnit this is where i choke
|c|★Buts X|can i consult the helix fossil
|c| Randbats is Gay|just for that now you're gonna lose
|c|★Buts X|ive resigned to that fact
|c|★Buts X|should i just \forfeit?
|c| Randbats is Gay|omg this is so tense
|c| Randbats is Gay|plz make move
|c|★Buts X|no, im letting you get off on the pressure
|c| Randbats is Gay|ok
|c|★Buts X|have you came yet
|c| Randbats is Gay|increasing spm
|c|★NAM2F|lmao
|c|★Buts X|MAX POWER
|c| Randbats is Gay|full overdrive
|c|★Buts X|CHARGING LAZORS
|c| Randbats is Gay|2 hands
|
|move|p2a: Raichu|Thunder|p1a: Seaking|[miss]
|-miss|p2a: Raichu
|move|p1a: Seaking|Hyper Beam|p2a: Raichu
|-damage|p2a: Raichu|0 fnt
|faint|p2a: Raichu
|
|win|Buts X
|raw|Ladder updating...
|c| Randbats is Gay|typing with mouth
|c|★NAM2F|lol
|c| Randbats is Gay|OMG
|raw|Buts X's rating: 1430 &rarr; <strong>1448<\/strong><br \/>(+18 for winning)
|raw|NAM2F's rating: 1390 &rarr; <strong>1372<\/strong><br \/>(-18 for losing)
|c|★Buts X|FFFFFFFFFFFFYEES
|c| Randbats is Gay|WHAT A BATTLE MY GOD
|c|★Buts X|now watch my alst one... see how bad it got
|c| Randbats is Gay|NAM2F I'll let you post it
|c| Randbats is Gay|I don't deserve to
|c| Randbats is Gay|my god
|c| Randbats is Gay|ok watching other one soon
|c|★Buts X|turn 15 is the beginning of the end