|join|Darkther
|join|andrewandres
|player|p1|Darkther|117
|player|p2|andrewandres|1
|gametype|singles
|gen|1
|tier|[Gen 1] Random Battle
|rule|Sleep Clause Mod: Limit one foe put to sleep
|rule|Freeze Clause Mod: Limit one foe frozen
|rule|HP Percentage Mod: HP is shown in percentages
|
|start
|switch|p1a: Lapras|Lapras, L79|367\/367
|switch|p2a: Zapdos|Zapdos, L79|304\/304
|turn|1
|join|novazero
|join|jesus armando
|join|Osifailo
|c|★Darkther|._:
|join|DuallShott
|c|★Darkther|auch
|join|AaronsuperGamer
|c| jesus armando|vamos andre
|join|Anarchist Mudkip
|leave|AaronsuperGamer
|join|BLACKILLER
|c|★andrewandres|me ha tocado mejor equipo que antes..
|c|★andrewandres|XDXD
|c| jesus armando|violalo como ami
|leave|BLACKILLER
|join|dany555
|c|★Darkther|xD
|join|mr.assassine12345
|leave|Anarchist Mudkip
|c|★Darkther|esos animos xD
|leave|dany555
|
|move|p2a: Zapdos|Thunderbolt|p1a: Lapras
|-supereffective|p1a: Lapras
|-damage|p1a: Lapras|150\/367
|move|p1a: Lapras|Confuse Ray|p2a: Zapdos
|-start|p2a: Zapdos|confusion
|
|turn|2
|join|kail25
|leave|mr.assassine12345
|join|Juanpablo95
|c|★andrewandres|te voy a intentar hacer una cosa..
|c| jesus armando|metesela asta el fondo
|c|★andrewandres|quieres un 6-0 ?? xD
|c|★Darkther|xD
|c| jesus armando|si un 6-0
|c|★Darkther|no gracias
|c|★Darkther|xD
|join|emilixon
|leave|DuallShott
|c| emilixon|dios que feos eran xD
|c|★Darkther|xD
|
|switch|p1a: Exeggutor|Exeggutor, L79|312\/312
|-activate|p2a: Zapdos|confusion
|-damage|p2a: Zapdos|275\/304|[from] confusion
|
|turn|3
|c| jesus armando|vamos andre violalo
|leave|Osifailo
|join|Colchon Pikolin
|c|★andrewandres|menos mal que lo has sacado..
|leave|novazero
|c|★andrewandres|te iba a cambiar
|
|-end|p2a: Zapdos|confusion
|move|p2a: Zapdos|Thunder Wave|p1a: Exeggutor
|-status|p1a: Exeggutor|par
|move|p1a: Exeggutor|Sleep Powder|p2a: Zapdos
|-status|p2a: Zapdos|slp
|
|turn|4
|c|★andrewandres|nose para que te hago eso..
|c|★andrewandres|pero bueno xd
|
|switch|p2a: Omastar|Omastar, L85|293\/293
|cant|p1a: Exeggutor|par
|
|turn|5
|c|★Darkther|precavido?
|c|★Darkther|xD
|leave|Juanpablo95
|c|★andrewandres|era el ataque que te queria hacer con el otro
|c|★andrewandres|asi que te he dado una pista
|c|★Darkther|._.
|c|★andrewandres|otrode mis poke tiene ondatrueno
|c|★Darkther|mm ya veo
|c| jesus armando|eso asta el fondo
|c|★andrewandres|xD
|
|move|p2a: Omastar|Blizzard|p1a: Exeggutor
|-supereffective|p1a: Exeggutor
|-damage|p1a: Exeggutor|137\/312 par
|move|p1a: Exeggutor|Psychic|p2a: Omastar
|-damage|p2a: Omastar|215\/293
|
|turn|6
|
|switch|p1a: Horsea|Horsea, L96|252\/252
|move|p2a: Omastar|Blizzard|p1a: Horsea
|-crit|p1a: Horsea
|-resisted|p1a: Horsea
|-damage|p1a: Horsea|158\/252
|-status|p1a: Horsea|frz
|
|turn|7
|c|★andrewandres|XDXD
|c|★Darkther|en serio??XD
|c| jesus armando|eso andre mas adentro asta k llore
|c|★andrewandres|jajaja
|c| Colchon Pikolin|lol
|c|★Darkther|critico y congelado xD
|c| Colchon Pikolin|the hax
|c|★andrewandres|deja q te lo mate
|
|switch|p2a: Mewtwo|Mewtwo, L68|285\/285
|cant|p1a: Horsea|frz
|
|turn|8
|c|★andrewandres|total...
|c| Colchon Pikolin|y no falla
|
|move|p2a: Mewtwo|Amnesia|p2a: Mewtwo
|-boost|p2a: Mewtwo|spd|2
|-boost|p2a: Mewtwo|spa|2
|cant|p1a: Horsea|frz
|
|turn|9
|c| Colchon Pikolin|gameover
|c|★andrewandres|XDXDXD
|c|★Darkther|xD
|
|move|p2a: Mewtwo|Amnesia|p2a: Mewtwo
|-boost|p2a: Mewtwo|spd|2
|-boost|p2a: Mewtwo|spa|2
|cant|p1a: Horsea|frz
|
|turn|10
|
|move|p2a: Mewtwo|Amnesia|p2a: Mewtwo
|-boost|p2a: Mewtwo|spd|2
|-boost|p2a: Mewtwo|spa|2
|cant|p1a: Horsea|frz
|
|turn|11
|c| Colchon Pikolin|Darkther, creo que se acabó, dale a forfeit
|c|★Darkther|xD
|c|★andrewandres|1108 de ataque especial
|c|★andrewandres|XD
|
|move|p2a: Mewtwo|Psychic|p1a: Horsea
|-damage|p1a: Horsea|0 fnt
|faint|p1a: Horsea
|c| Colchon Pikolin|y de defensa especial también xD
|join|JoNiMixPlay
|join|JolteonMaestra
|
|switch|p1a: Mewtwo|Mewtwo, L70|293\/293
|turn|12
|join|chinoo0
|c|★andrewandres|cierto xD
|leave|JoNiMixPlay
|join|ChaoticEl flaco
|join|mariosader
|join|franchu
|c| JolteonMaestra|lord helix
|c|★andrewandres|mewtwo vs mewtow quien gana?
|
|move|p1a: Mewtwo|Thunder Wave|p2a: Mewtwo
|-status|p2a: Mewtwo|par
|cant|p2a: Mewtwo|par
|
|turn|13
|c|★andrewandres|pues mewtwo
|c|★Darkther|el boosteado
|c|★Darkther|xD
|c|★andrewandres|lol
|leave|ChaoticEl flaco
|c| Colchon Pikolin|solo una parálisis y un wrap te pueden ayudar
|
|move|p1a: Mewtwo|Blizzard|p2a: Mewtwo
|-damage|p2a: Mewtwo|264\/285 par
|cant|p2a: Mewtwo|par
|
|turn|14
|c| Colchon Pikolin|ahora wrap y retrocede siempre
|c|★Darkther|._.
|c|★Darkther|lel
|c| jesus armando|andre hay viene la poli
|c| jesus armando|todo por violacion
|c|★Darkther|jaja
|c|★andrewandres|XDXDX
|c|★andrewandres|darkther
|c| Colchon Pikolin|necesitas un crítico Darkther
|
|switch|p1a: Exeggutor|Exeggutor, L79|137\/312 par
|cant|p2a: Mewtwo|par
|
|turn|15
|c| jesus armando|andre mejor ala otra lo secuestras y lo violas en otro lado
|c|★andrewandres|3 veces seguidas..
|c|★Darkther|jajaa
|
|move|p2a: Mewtwo|Psychic|p1a: Exeggutor
|-resisted|p1a: Exeggutor
|-damage|p1a: Exeggutor|7\/312 par
|cant|p1a: Exeggutor|par
|
|turn|16
|c|★andrewandres|explo
|c|★andrewandres|uyy...
|
|move|p2a: Mewtwo|Psychic|p1a: Exeggutor
|-resisted|p1a: Exeggutor
|-damage|p1a: Exeggutor|0 fnt
|faint|p1a: Exeggutor
|c| Colchon Pikolin|Darkther, cuando te mate a este saca a uno con wrap
|c|★Darkther|paralisis
|c|★Darkther|nah
|c|★andrewandres|ibas hacer
|c|★andrewandres|explosion ??
|leave|JolteonMaestra
|c|★Darkther|noup xD
|c|★andrewandres|lo tenias ??
|leave|chinoo0
|c|★Darkther|hyper beam e,e
|c|★Darkther|xD
|c|★andrewandres|ajam
|c|★andrewandres|xd
|
|switch|p1a: Lapras|Lapras, L79|150\/367
|turn|17
|
|move|p1a: Lapras|Confuse Ray|p2a: Mewtwo
|-start|p2a: Mewtwo|confusion
|-activate|p2a: Mewtwo|confusion
|-damage|p2a: Mewtwo|236\/285 par|[from] confusion
|
|turn|18
|c|★andrewandres|vamos.. como me gane asi..
|c|★andrewandres|veras
|c|★andrewandres|xD
|c|★Darkther|jaaj
|
|move|p1a: Lapras|Body Slam|p2a: Mewtwo
|-damage|p2a: Mewtwo|181\/285 par
|cant|p2a: Mewtwo|par
|
|turn|19
|leave|kail25
|
|move|p1a: Lapras|Body Slam|p2a: Mewtwo
|-crit|p2a: Mewtwo
|-damage|p2a: Mewtwo|59\/285 par
|-activate|p2a: Mewtwo|confusion
|-damage|p2a: Mewtwo|31\/285 par|[from] confusion
|
|turn|20
|c|★Darkther|LOL
|c|★andrewandres|...
|c| Colchon Pikolin|dat hax
|c|★andrewandres|XD
|c| Colchon Pikolin|Darkther remonta
|c|★Darkther|paralisis rules :v
|c|★andrewandres|suerte tienes
|c|★andrewandres|¬¬
|c|★andrewandres|hiper rayo
|c|★andrewandres|no t la juegues..
|
|switch|p2a: Omastar|Omastar, L85|215\/293
|move|p1a: Lapras|Body Slam|p2a: Omastar
|-resisted|p2a: Omastar
|-damage|p2a: Omastar|197\/293
|
|turn|21
|c|★andrewandres|XDXDXDXD
|c| Colchon Pikolin|y pensaba que tenía la partida perdida xD
|c| jesus armando|andre mira lo secuestras lo violas y tiras su cadaver en el rio
|c|★Darkther|xD
|
|move|p2a: Omastar|Hydro Pump|p1a: Lapras
|-crit|p1a: Lapras
|-resisted|p1a: Lapras
|-damage|p1a: Lapras|1\/367
|move|p1a: Lapras|Thunderbolt|p2a: Omastar
|-supereffective|p2a: Omastar
|-damage|p2a: Omastar|99\/293
|-status|p2a: Omastar|par
|
|turn|22
|c|★Darkther|xD
|c|★andrewandres|¿?
|c| Colchon Pikolin|hax de nuevo
|c|★andrewandres|xD
|c| Colchon Pikolin|lolazo
|c|★Darkther|remontada?
|c|★Darkther|:v
|c|★andrewandres|seguro..
|
|switch|p2a: Raichu|Raichu, L85|276\/276
|move|p1a: Lapras|Thunderbolt|p2a: Raichu
|-resisted|p2a: Raichu
|-damage|p2a: Raichu|248\/276
|
|turn|23
|c|★andrewandres|es el unico de agua
|c|★andrewandres|que tengo
|c|★andrewandres|como me lo mates..
|c|★andrewandres|muero
|c|★Darkther|xD
|
|move|p2a: Raichu|Thunderbolt|p1a: Lapras
|-supereffective|p1a: Lapras
|-damage|p1a: Lapras|0 fnt
|faint|p1a: Lapras
|c|★Darkther|yate violaste al mio de agua xD
|c| jesus armando|andre te lo estas violando vien sabroso
|
|switch|p1a: Charizard|Charizard, L85|306\/306
|turn|24
|c|★andrewandres|el fallo va estar en tener al zapdos dormido
|c| jesus armando|k ricolino
|c| Colchon Pikolin|esa rata seguramente tenga onda trueno
|c|★andrewandres|ojo que me puede ganar
|c|★andrewandres|XDXD
|
|move|p1a: Charizard|Earthquake|p2a: Raichu
|-supereffective|p2a: Raichu
|-damage|p2a: Raichu|73\/276
|move|p2a: Raichu|Thunderbolt|p1a: Charizard
|-supereffective|p1a: Charizard
|-damage|p1a: Charizard|94\/306
|
|turn|25
|c|★Darkther|o algo peor
|c| Colchon Pikolin|Darkther, que haces que ese no es megacharizard x
|c|★Darkther|xD
|c| Colchon Pikolin|XD
|c|★andrewandres|XDXD
|
|switch|p2a: Scyther|Scyther, L85|293\/293
|move|p1a: Charizard|Earthquake|p2a: Scyther
|-immune|p2a: Scyther|[msg]
|
|turn|26
|c|★andrewandres|muerto..
|c|★Darkther|lol
|
|move|p2a: Scyther|Slash|p1a: Charizard
|-crit|p1a: Charizard
|-damage|p1a: Charizard|0 fnt
|faint|p1a: Charizard
|c|★Darkther|corre e,e
|
|switch|p1a: Doduo|Doduo, L96|262\/262
|turn|27
|c| Colchon Pikolin|mewtwo mata a todos en el rango de vida en los que están
|c|★Darkther|;v ojala
|
|move|p2a: Scyther|Slash|p1a: Doduo
|-crit|p1a: Doduo
|-damage|p1a: Doduo|128\/262
|move|p1a: Doduo|Drill Peck|p2a: Scyther
|-crit|p2a: Scyther
|-supereffective|p2a: Scyther
|-damage|p2a: Scyther|0 fnt
|faint|p2a: Scyther
|c|★Darkther|aun le falta uno que no vi XD
|leave|jesus armando
|c|★andrewandres|venga..
|c|★Darkther|uff al menos no hay 6-0 xD
|c|★andrewandres|que suerte tienes dios mio XDXD
|c|★Darkther|jajaa
|
|switch|p2a: Raichu|Raichu, L85|73\/276
|turn|28
|c|★Darkther|hablo el de critico y congelado
|c|★andrewandres|ups
|c|★andrewandres|es verdad
|c|★andrewandres|:P
|c| Colchon Pikolin|mewtwo se garcha a todos
|
|move|p2a: Raichu|Thunderbolt|p1a: Doduo
|-supereffective|p1a: Doduo
|-damage|p1a: Doduo|0 fnt
|faint|p1a: Doduo
|c|★andrewandres|por favor
|c|★Darkther|ya pues baja el rey xD
|c|★andrewandres|paralizalo
|c| Colchon Pikolin|mewtwo ataca antes
|
|switch|p1a: Mewtwo|Mewtwo, L70|293\/293
|turn|29
|c| Colchon Pikolin|psquico
|c|★andrewandres|no
|
|switch|p2a: Omastar|Omastar, L85|99\/293 par
|move|p1a: Mewtwo|Psychic|p2a: Omastar
|-damage|p2a: Omastar|22\/293 par
|
|turn|30
|c|★Darkther|ventisca :v
|c|★Darkther|nah
|c|★Darkther|xD
|c|★andrewandres|mewtwo tiene 245 de velocidad
|c| Colchon Pikolin|resiste un psiquico?, lol
|c|★Darkther|el mio no xD
|c|★Darkther|jaa
|c|★andrewandres|cuanto tiene ??
|c|★andrewandres|XDXD
|c| Colchon Pikolin|si solo tiene 70 de defensa especial
|c|★andrewandres|279
|c|★Darkther|X.X
|c|★Darkther|esa bestia
|
|move|p1a: Mewtwo|Psychic|p2a: Omastar
|-damage|p2a: Omastar|0 fnt
|faint|p2a: Omastar
|c| Colchon Pikolin|y 70 de vida y resiste un psiquico con 26%
|c|★Darkther|aguanta bien
|c|★andrewandres|dark
|
|switch|p2a: Exeggcute|Exeggcute, L96|310\/310
|turn|31
|c|★andrewandres|me dices que velocidad tiene el tuyo
|c|★Darkther|._.
|c|★andrewandres|y te digo el mio
|c|★andrewandres|ok?
|c|★Darkther|252
|c|★andrewandres|oks
|c|★Darkther|y el tuyo esta paralizado xD
|c|★andrewandres|no supera a raichu
|c|★andrewandres|XDXDX
|c|★Darkther|xD
|c|★Darkther|jaaj
|c|★andrewandres|vamos..
|c|★andrewandres|no me falles
|c|★Darkther|ventisca :v
|c|★andrewandres|no creo..
|c|★Darkther|no falles xD
|c| Colchon Pikolin|si lo supera que raichu en 1 gen solo tenía 100 base de velocidad y mewtwo 130
|c|★Darkther|jaaja
|c|★andrewandres|no tenias rayo hielo ?
|
|move|p1a: Mewtwo|Blizzard|p2a: Exeggcute
|-supereffective|p2a: Exeggcute
|-damage|p2a: Exeggcute|118\/310
|move|p2a: Exeggcute|Stun Spore|p1a: Mewtwo
|-status|p1a: Mewtwo|par
|
|turn|32
|c|★Darkther|e,e
|c|★andrewandres|bien
|c|★andrewandres|no falles...
|
|move|p2a: Exeggcute|Egg Bomb|p1a: Mewtwo
|-damage|p1a: Mewtwo|230\/293 par
|move|p1a: Mewtwo|Barrier|p1a: Mewtwo
|-boost|p1a: Mewtwo|def|2
|
|turn|33
|c|★andrewandres|grr...
|c|★andrewandres|¬¬
|c| Colchon Pikolin|tienes recover?
|c|★Darkther|noup
|c|★andrewandres|no
|c|★andrewandres|barrier
|c|★Darkther|xD
|c|★andrewandres|ice beam
|c|★andrewandres|ventisca
|c|★andrewandres|y psiquico
|
|move|p2a: Exeggcute|Psychic|p1a: Mewtwo
|-resisted|p1a: Mewtwo
|-damage|p1a: Mewtwo|191\/293 par
|-unboost|p1a: Mewtwo|spd|1
|-unboost|p1a: Mewtwo|spa|1
|cant|p1a: Mewtwo|par
|
|turn|34
|c|★Darkther|xD
|c|★andrewandres|weeee
|c| Colchon Pikolin|ya te jodió
|c|★andrewandres|venga un critico
|c|★andrewandres|vamos ¡¡
|c|★Darkther|xD
|c|★andrewandres|critico
|c|★andrewandres|yo te invocoooo ¡¡
|
|move|p2a: Exeggcute|Psychic|p1a: Mewtwo
|-resisted|p1a: Mewtwo
|-damage|p1a: Mewtwo|138\/293 par
|move|p1a: Mewtwo|Blizzard|p2a: Exeggcute
|-supereffective|p2a: Exeggcute
|-damage|p2a: Exeggcute|0 fnt
|faint|p2a: Exeggcute
|c|★Darkther|lel
|
|switch|p2a: Mewtwo|Mewtwo, L68|31\/285 par
|turn|35
|c|★Darkther|pelea de feos xD
|c|★andrewandres|xd
|c|★andrewandres|mewtwo parece un supersayan
|c|★andrewandres|XDXD
|c| Colchon Pikolin|el mewtwo de darkther ataca antes porque tiene más nivel
|
|move|p1a: Mewtwo|Psychic|p2a: Mewtwo
|-crit|p2a: Mewtwo
|-resisted|p2a: Mewtwo
|-damage|p2a: Mewtwo|0 fnt
|faint|p2a: Mewtwo
|c|★Darkther|sii
|c|★Darkther|sacaa zapdos?XD
|c|★andrewandres|bieen listo
|c|★andrewandres|bieeen
|c|★andrewandres|sabes contar XDXD
|
|switch|p2a: Zapdos|Zapdos, L79|275\/304 slp
|turn|36
|c|★andrewandres|esperaba la apralizacion
|c|★Darkther|ventisca no falles(?)
|c| Colchon Pikolin|ahora hace amnesia y te jodes andrews
|c|★andrewandres|despierta
|
|cant|p2a: Zapdos|slp
|move|p1a: Mewtwo|Blizzard|p2a: Zapdos
|-supereffective|p2a: Zapdos
|-damage|p2a: Zapdos|177\/304 slp
|
|turn|37
|c|★Darkther|._.
|c|★andrewandres|sino tiene
|c|★Darkther|aguanto tanto?
|c|★andrewandres|279
|c|★Darkther|no te gno amnesia
|c|★andrewandres|275*
|c|★andrewandres|nose entera
|c|★andrewandres|dejalo XD
|c| Colchon Pikolin|pues es trampa, el tuyo lo tenía
|c|★Darkther|tengo*
|c|★andrewandres|vaaaa
|c|★andrewandres|despiertate
|c|★Darkther|es random
|c|★andrewandres|dejalo
|c| Colchon Pikolin|ya sé que es random
|c|★Darkther|se ponen a suerte lso ataques*
|
|cant|p2a: Zapdos|slp
|move|p1a: Mewtwo|Blizzard|p2a: Zapdos
|-supereffective|p2a: Zapdos
|-damage|p2a: Zapdos|91\/304 slp
|
|turn|38
|c|★andrewandres|no pilla las cosas
|c|★Darkther|muerete :v
|c|★Darkther|xD
|c| Colchon Pikolin|ahora te hace criticazo
|
|cant|p2a: Zapdos|slp
|-curestatus|p2a: Zapdos|slp
|move|p1a: Mewtwo|Blizzard|p2a: Zapdos|[miss]
|-miss|p1a: Mewtwo
|
|turn|39
|c|★Darkther|algo injsto
|c|★Darkther|xD
|c|★andrewandres|LOOOOOOOOL
|c| Colchon Pikolin|misseó
|c|★andrewandres|pico taladro
|c|★andrewandres|lets go
|c|★Darkther|xD
|c|★Darkther|barrier me salvara?
|c|★Darkther|xD
|
|move|p2a: Zapdos|Drill Peck|p1a: Mewtwo
|-crit|p1a: Mewtwo
|-damage|p1a: Mewtwo|0 fnt
|faint|p1a: Mewtwo
|
|win|andrewandres
|c|★andrewandres|weeeeeee
|c|★Darkther|LOL
|c|★andrewandres|ni me acorde
|c| Colchon Pikolin|y le sale critico
|c| Colchon Pikolin|lol
|c|★andrewandres|de la barrera
|c|★andrewandres|XDXDXD
|c|★Darkther|mas que sea no fue vilado 6-0
|leave|Colchon Pikolin
|c|★Darkther|violado*
|c|★andrewandres|xD
|c|★andrewandres|gg
|c|★Darkther|otra?
|c|★Darkther|GG
|c|★andrewandres|voy a cenar
|c|★Darkther|dale que aproveche
|c|★andrewandres|gracias ^^
|c|★andrewandres|lo vi guardar
|c|★andrewandres|jajaja xD
|c|★Darkther|xD
|c|★Darkther|somos dos e,e