|join|marcoasd
|join|RhiscQuinn
|player|p1|marcoasd|266
|player|p2|RhiscQuinn|256
|gametype|singles
|gen|1
|tier|[Gen 1] OU (beta)
|rated
|rule|Sleep Clause Mod: Limit one foe put to sleep
|rule|Species Clause: Limit one of each Pokemon
|rule|OHKO Clause: OHKO moves are banned
|rule|Moody Clause: Moody is banned
|rule|Evasion Moves Clause: Evasion moves are banned
|rule|Endless Battle Clause: Forcing endless battles is banned.
|rule|HP Percentage Mod: HP is reported as percentages
|
|start
|switch|p1a: Alakazam|Alakazam|313\/313
|switch|p2a: N. Minaj|Jynx|333\/333
|turn|1
|callback|decision
|join|MichaelCarrick
|
|switch|p2a: No Chansey|Chansey|703\/703
|move|p1a: Alakazam|Thunder Wave|p2a: No Chansey
|-status|p2a: No Chansey|par
|
|turn|2
|callback|decision
|join|Digidude
|
|move|p1a: Alakazam|Psychic|p2a: No Chansey
|-damage|p2a: No Chansey|581\/703 par
|move|p2a: No Chansey|Ice Beam|p1a: Alakazam
|-damage|p1a: Alakazam|252\/313
|
|turn|3
|callback|decision
|
|move|p1a: Alakazam|Psychic|p2a: No Chansey
|-damage|p2a: No Chansey|459\/703 par
|-unboost|p2a: No Chansey|spd|1
|-unboost|p2a: No Chansey|spa|1
|move|p2a: No Chansey|Ice Beam|p1a: Alakazam
|-damage|p1a: Alakazam|211\/313
|
|turn|4
|callback|decision
|
|switch|p1a: Snorlax|Snorlax|523\/523
|cant|p2a: No Chansey|par
|
|turn|5
|callback|decision
|
|switch|p2a: Cerberus|Exeggutor|393\/393
|move|p1a: Snorlax|Body Slam|p2a: Cerberus
|-damage|p2a: Cerberus|277\/393
|-status|p2a: Cerberus|par
|
|turn|6
|callback|decision
|join|throwaway_bleh
|
|switch|p1a: Alakazam|Alakazam|211\/313
|cant|p2a: Cerberus|par
|
|turn|7
|callback|decision
|
|switch|p2a: No Chansey|Chansey|459\/703 par
|move|p1a: Alakazam|Seismic Toss|p2a: No Chansey
|-damage|p2a: No Chansey|359\/703 par
|
|turn|8
|callback|decision
|
|switch|p1a: Snorlax|Snorlax|523\/523
|cant|p2a: No Chansey|par
|
|turn|9
|callback|decision
|join|angrymoron2
|
|switch|p2a: Cerberus|Exeggutor|277\/393 par
|move|p1a: Snorlax|Body Slam|p2a: Cerberus
|-damage|p2a: Cerberus|154\/393 par
|
|turn|10
|callback|decision
|chat|angrymoron2|yo marco
|chat|angrymoron2|did you get my message?
|chat|marcoasd|hey
|chat|marcoasd|look on the forum
|chat|angrymoron2|the PO site is down <_<
|chat|angrymoron2|I went
|chat|marcoasd|lutra found a way around
|chat|angrymoron2|but i cant install PO hzhz
|chat|angrymoron2|oh!
|
|switch|p1a: Alakazam|Alakazam|211\/313
|cant|p2a: Cerberus|par
|
|turn|11
|callback|decision
|chat|marcoasd|try it
|
|move|p1a: Alakazam|Psychic|p2a: Cerberus
|-crit|p2a: Cerberus
|-resisted|p2a: Cerberus
|-damage|p2a: Cerberus|52\/393 par
|-unboost|p2a: Cerberus|spd|1
|-unboost|p2a: Cerberus|spa|1
|move|p2a: Cerberus|Explosion|p1a: Alakazam
|-damage|p1a: Alakazam|0 fnt
|faint|p1a: Alakazam
|faint|p2a: Cerberus
|callback|decision
|
|switch|p1a: Tauros|Tauros|353\/353
|switch|p2a: N. Minaj|Jynx|333\/333
|turn|12
|callback|decision
|
|switch|p2a: Donn|Rhydon|413\/413
|move|p1a: Tauros|Earthquake|p2a: Donn
|-supereffective|p2a: Donn
|-damage|p2a: Donn|263\/413
|
|turn|13
|callback|decision
|
|move|p1a: Tauros|Blizzard|p2a: Donn
|-supereffective|p2a: Donn
|-damage|p2a: Donn|39\/413
|move|p2a: Donn|Body Slam|p1a: Tauros
|-damage|p1a: Tauros|265\/353
|
|turn|14
|callback|decision
|
|switch|p2a: Ride the Lapras|Lapras|463\/463
|move|p1a: Tauros|Earthquake|p2a: Ride the Lapras
|-damage|p2a: Ride the Lapras|366\/463
|
|turn|15
|callback|decision
|
|move|p1a: Tauros|Body Slam|p2a: Ride the Lapras
|-damage|p2a: Ride the Lapras|254\/463
|move|p2a: Ride the Lapras|Confuse Ray|p1a: Tauros
|-start|p1a: Tauros|confusion
|
|turn|16
|callback|decision
|
|switch|p1a: Chansey|Chansey|703\/703
|move|p2a: Ride the Lapras|Blizzard|p1a: Chansey
|-damage|p1a: Chansey|568\/703
|
|turn|17
|callback|decision
|
|switch|p2a: Donn|Rhydon|39\/413
|move|p1a: Chansey|Thunderbolt|p2a: Donn
|-immune|p2a: Donn|[msg]
|
|turn|18
|callback|decision
|
|move|p1a: Chansey|Ice Beam|p2a: Donn
|-supereffective|p2a: Donn
|-damage|p2a: Donn|0 fnt
|faint|p2a: Donn
|
|callback|decision
|
|switch|p2a: N. Minaj|Jynx|333\/333
|turn|19
|callback|decision
|chat|angrymoron2|yeah k its the release but without the instructions I'm helpless, linux ain't easy and i can't informatics
|
|switch|p1a: Golem|Golem|363\/363
|move|p2a: N. Minaj|Lovely Kiss|p1a: Golem
|-status|p1a: Golem|slp
|
|turn|20
|callback|decision
|
|switch|p1a: Chansey|Chansey|568\/703
|move|p2a: N. Minaj|Blizzard|p1a: Chansey
|-damage|p1a: Chansey|435\/703
|
|turn|21
|callback|decision
|
|switch|p2a: No Chansey|Chansey|359\/703 par
|move|p1a: Chansey|Thunderbolt|p2a: No Chansey
|-damage|p2a: No Chansey|280\/703 par
|
|turn|22
|callback|decision
|
|switch|p1a: Snorlax|Snorlax|523\/523
|move|p2a: No Chansey|Soft-Boiled|p2a: No Chansey
|-heal|p2a: No Chansey|631\/703 par
|
|turn|23
|callback|decision
|
|switch|p2a: Ride the Lapras|Lapras|254\/463
|move|p1a: Snorlax|Body Slam|p2a: Ride the Lapras
|-crit|p2a: Ride the Lapras
|-damage|p2a: Ride the Lapras|14\/463
|-status|p2a: Ride the Lapras|par
|
|turn|24
|callback|decision
|
|move|p1a: Snorlax|Body Slam|p2a: Ride the Lapras
|-damage|p2a: Ride the Lapras|0 fnt
|faint|p2a: Ride the Lapras
|
|callback|decision
|
|switch|p2a: Lime|Tauros|353\/353
|turn|25
|callback|decision
|
|move|p2a: Lime|Body Slam|p1a: Snorlax
|-damage|p1a: Snorlax|399\/523
|move|p1a: Snorlax|Body Slam|p2a: Lime
|-damage|p2a: Lime|250\/353
|
|turn|26
|callback|decision
|
|move|p2a: Lime|Body Slam|p1a: Snorlax
|-damage|p1a: Snorlax|260\/523
|-status|p1a: Snorlax|par
|move|p1a: Snorlax|Self-Destruct|p2a: Lime
|-damage|p2a: Lime|0 fnt
|faint|p2a: Lime
|faint|p1a: Snorlax
|callback|decision
|
|switch|p1a: Tauros|Tauros|265\/353
|switch|p2a: N. Minaj|Jynx|333\/333
|turn|27
|callback|decision
|
|move|p1a: Tauros|Earthquake|p2a: N. Minaj
|-damage|p2a: N. Minaj|193\/333
|move|p2a: N. Minaj|Reflect|p2a: N. Minaj
|
|turn|28
|callback|decision
|
|move|p1a: Tauros|Body Slam|p2a: N. Minaj
|-crit|p2a: N. Minaj
|-damage|p2a: N. Minaj|18\/333
|move|p2a: N. Minaj|Psychic|p1a: Tauros
|-crit|p1a: Tauros
|-damage|p1a: Tauros|20\/353
|
|turn|29
|callback|decision
|
|move|p1a: Tauros|Body Slam|p2a: N. Minaj
|-crit|p2a: N. Minaj
|-damage|p2a: N. Minaj|0 fnt
|faint|p2a: N. Minaj
|
|callback|decision
|
|switch|p2a: No Chansey|Chansey|631\/703 par
|turn|30
|callback|decision
|chat|RhiscQuinn|gg
|
|move|p1a: Tauros|Hyper Beam|p2a: No Chansey
|-damage|p2a: No Chansey|150\/703 par
|move|p2a: No Chansey|Thunderbolt|p1a: Tauros
|-damage|p1a: Tauros|0 fnt
|faint|p1a: Tauros
|
|callback|decision
|
|switch|p1a: Exeggutor|Exeggutor|393\/393
|turn|31
|callback|decision
|chat|marcoasd|gg
|
|move|p1a: Exeggutor|Double-Edge|p2a: No Chansey
|-damage|p2a: No Chansey|0 fnt
|-damage|p1a: Exeggutor|355\/393|[from] recoil|[of] p2a: No Chansey
|faint|p2a: No Chansey
|
|win|marcoasd
|raw|Ladder updating...
|raw|marcoasd's rating: 1336 &rarr; <strong>1346<\/strong><br \/>(+10 for winning)
|raw|RhiscQuinn's rating: 1079 &rarr; <strong>1069<\/strong><br \/>(-10 for losing)
|leave|RhiscQuinn
|player|p2
|leave|MichaelCarrick
|leave|throwaway_bleh
|chat|marcoasd|ah sorry
|chat|marcoasd|lost the message 
|chat|marcoasd|mmm don't know ask lutra maybe
|chat|marcoasd|he'll help you without a doubt
|chat|angrymoron2|is he on irc?
|chat|marcoasd|if he is there and he has time he'll go on the forum
|chat|marcoasd|I just told him
|chat|angrymoron2|k
|chat|angrymoron2|when my gf comes home i can use her windows computer
|chat|angrymoron2|around 7 gmt+1
|chat|marcoasd|mmm i see
|leave|Digidude
|chat|marcoasd|in any case, we have time
|chat|angrymoron2|yeah
|chat|angrymoron2|I'm scared to face you lol
|chat|marcoasd|if we can make it soon it's even better, there's no worry
|chat|marcoasd|LOL
|chat|marcoasd|I'm at the top of my game
|chat|angrymoron2|yea
|chat|angrymoron2|I have not enough experience with functional counter
|chat|marcoasd|I've been a total noob for some month, but now I'm looking for the win
|chat|marcoasd|with no crystal, ggfan and lutra around i have to
|chat|angrymoron2|even when i install PO its a total pain to use on this computer, cuz i can't see the hp of switched out mons
|chat|marcoasd|also, if golden gyarados won a tournament, we both can XD
|chat|angrymoron2|^
|chat|marcoasd|o.O
|chat|marcoasd|wtf why
|chat|angrymoron2|linux sux balls thats why
|chat|angrymoron2|it took me a month to make it work in the first place
|chat|marcoasd|lol can't you find a way to play with windows?
|chat|angrymoron2|I don't want to use windows
|chat|angrymoron2|I have somewhat of a videogame addiction
|chat|marcoasd|lol i see.... linux is quite populare here too... I still don't get why
|chat|angrymoron2|linux id good but not user friendly
|chat|angrymoron2|mostly for the computer nerds
|chat|marcoasd|lol
|chat|angrymoron2|but I use it so videya wont work
|chat|angrymoron2|it fulfills it purpose lel
|chat|marcoasd|XD you played with linux or windows vs lutra?
|chat|angrymoron2|linux
|chat|angrymoron2|but i haxd him to death
|chat|angrymoron2|I still have the replays somewhere, its not insane luck but constant luck in my favor so i guess that was it
|chat|marcoasd|3-1... it was not all luck for sure
|chat|angrymoron2|well I like to believe that I'm pretty good
|chat|marcoasd|he won't let you win 3-1 with just luck
|chat|angrymoron2|but not as good as lutra
|chat|marcoasd|player of the year... lol
|chat|angrymoron2|yeah haha
|chat|angrymoron2|I saw hes replay vs mcmeghan
|chat|angrymoron2|insane
|chat|marcoasd|season 2 champ, won that smogon rby tournament that happens once a lifetime
|chat|angrymoron2|^
|chat|marcoasd|have you still got that replay?
|chat|marcoasd|idk mcmeghan
|chat|angrymoron2|I have it on my computer but not the link
|chat|angrymoron2|ask lutra about it
|chat|marcoasd|still, lutra has been raped here in 2014: you kicked him out of MT, and I defeated him in that team tournament
|chat|angrymoron2|lol
|chat|angrymoron2|nice
|chat|angrymoron2|but he's still better than either of us i reckon
|chat|marcoasd|yeah I think so... for both career and game
|chat|angrymoron2|^
|chat|marcoasd|I still think that if we have 10 bo5 sereis, I won't win more than 3
|chat|angrymoron2|but with constant training that can and will change
|chat|angrymoron2|yeah
|chat|marcoasd|it can... it's not sure at all, lol
|chat|angrymoron2|I'd like to fight him more but I don't want to bother him
|chat|marcoasd|XD yeah, he doesn't play a lot outside of tournaments, BUT
|chat|angrymoron2|I saw you getting better and better there's no reason that it will end lol
|chat|marcoasd|if you go to pokemon perfect rby server, he'll battle