|join|R2D2 is love
|join|andrewandres
|player|p1|R2D2 is love|290
|player|p2|andrewandres|101
|gametype|singles
|gen|1
|tier|[Gen 1] Random Battle
|seed|4605,1275,51917,13172
|rule|Sleep Clause Mod: Limit one foe put to sleep
|rule|Freeze Clause Mod: Limit one foe frozen
|rule|HP Percentage Mod: HP is shown in percentages
|
|start
|switch|p1a: Rattata|Rattata, L96|252\/252
|switch|p2a: Seaking|Seaking, L90|327\/327
|turn|1
|join|Steve Lopez
|join|Abelcra2000
|choice|move 2|move 3
|
|move|p1a: Rattata|Thunderbolt|p2a: Seaking
|-supereffective|p2a: Seaking
|-damage|p2a: Seaking|237\/327
|move|p2a: Seaking|Blizzard|p1a: Rattata
|-damage|p1a: Rattata|120\/252
|-status|p1a: Rattata|frz
|
|turn|2
|c| Steve Lopez|:v?
|join|jerardo hortis
|join|nameorusername
|c|★R2D2 is love|nostalfag
|c| Steve Lopez|Sin jacks
|c| Steve Lopez|plocs
|c| Steve Lopez|:v
|c| Steve Lopez|Ah coño
|c| Steve Lopez|ya empezó :'v
|c|★andrewandres|si llegas a 240 estaras descalificaod
|leave|R2D2 is love
|player|p1
|c|★andrewandres|juas... that perdedor
|leave|jerardo hortis
|-message|andrewandres forfeited.
|
|win|R2D2 is love
|leave|andrewandres
|player|p2
|join|lozeth2
|join|R2D2 is love
|join|PokeNoobsterr
|leave|lozeth2
|leave|PokeNoobsterr
|leave|Abelcra2000
|leave|R2D2 is love