|j|ProCapture
|j|Leads with Tauros
|player|p1|ProCapture|161
|player|p2|Leads with Tauros|117
|gametype|singles
|gen|1
|tier|[Gen 1] OU
|rated
|seed|53811,26989,21674,64013
|rule|Sleep Clause Mod: Limit one foe put to sleep
|rule|Freeze Clause Mod: Limit one foe frozen
|rule|Species Clause: Limit one of each Pokémon
|rule|OHKO Clause: OHKO moves are banned
|rule|Evasion Moves Clause: Evasion moves are banned
|rule|HP Percentage Mod: HP is shown in percentages
|
|start
|switch|p1a: Blastoise|Blastoise|361\/361
|switch|p2a: Gengar|Gengar|323\/323
|turn|1
|-message|Leads with Tauros lost due to inactivity.
|
|win|ProCapture
|raw|ProCapture's rating: 1000 &rarr; <strong>1066<\/strong><br \/>(+66 for winning)
|raw|Leads with Tauros's rating: 1271 &rarr; <strong>1230<\/strong><br \/>(-41 for losing)