|J|Dice
|J|tamahome
|player|p1|Dice|168
|player|p2|tamahome|1
|gametype|singles
|gen|1
|tier|[Gen 1] OU
|seed|57772,17236,9262,12874
|rule|Sleep Clause Mod: Limit one foe put to sleep
|rule|Freeze Clause Mod: Limit one foe frozen
|rule|Species Clause: Limit one of each Pokémon
|rule|OHKO Clause: OHKO moves are banned
|rule|Evasion Moves Clause: Evasion moves are banned
|rule|HP Percentage Mod: HP is shown in percentages
|
|start
|switch|p1a: Jynx|Jynx|333\/333
|switch|p2a: Jynx|Jynx|333\/333
|turn|1
|J|Nobell
|J|Time Stall
|J|Slurmz
|L|Nobell
|c|★Dice|u wanna lose
|c|★Dice|speed tie
|c|★Dice|?
|J|Rob
|c|★Dice|faggot
|c|★Dice|play
|L|Rob
|J|BKC
|c|★Dice|.
|c|+Slurmz|.
|L|Slurmz
|J|Moony
|L|Moony
|L|Time Stall
|J|Slurmz
|J|roses from eto
|-message|Dice forfeited.
|
|win|tamahome