|inactive|Battle timer is ON: inactive players will automatically lose when time's up.
|J|Earthworm
|J|Dice
|player|p1|Earthworm|169
|player|p2|Dice|168
|gametype|singles
|gen|1
|tier|[Gen 1] OU
|seed|28978,23315,29518,63634
|rule|Sleep Clause Mod: Limit one foe put to sleep
|rule|Freeze Clause Mod: Limit one foe frozen
|rule|Species Clause: Limit one of each Pokémon
|rule|OHKO Clause: OHKO moves are banned
|rule|Evasion Moves Clause: Evasion moves are banned
|rule|HP Percentage Mod: HP is shown in percentages
|
|start
|switch|p1a: Hypno|Hypno|373\/373
|switch|p2a: Gengar|Gengar|323\/323
|turn|1
|choice|move 1|move 1
|
|move|p2a: Gengar|Hypnosis|p1a: Hypno
|-status|p1a: Hypno|slp
|cant|p1a: Hypno|slp
|
|turn|2
|choice|switch 6|move 4
|
|switch|p1a: Starmie|Starmie|323\/323
|move|p2a: Gengar|Night Shade|p1a: Starmie
|-damage|p1a: Starmie|223\/323
|
|turn|3
|J|Stathakis
|c|★Dice|fu
|c|★Dice|k
|c|★Dice|can we restart
|c|★Dice|my chansey set has 3 atks
|c|★Earthworm|k
|-message|Dice forfeited.
|
|win|Earthworm