|J|dice
|J|gromper
|player|p1|dice|169
|player|p2|gromper|1
|gametype|singles
|gen|1
|tier|[Gen 1] OU
|seed|30351,8869,8580,34880
|rule|Sleep Clause Mod: Limit one foe put to sleep
|rule|Freeze Clause Mod: Limit one foe frozen
|rule|Species Clause: Limit one of each Pokémon
|rule|OHKO Clause: OHKO moves are banned
|rule|Evasion Moves Clause: Evasion moves are banned
|rule|HP Percentage Mod: HP is shown in percentages
|
|start
|switch|p1a: Alakazam|Alakazam, M|313\/313
|switch|p2a: Gengar|Gengar|323\/323
|turn|1
|J|KratosMana
|J|fetid slime
|J|MegaStarUniverse
|choice|move 1|move 1
|
|move|p1a: Alakazam|Psychic|p2a: Gengar
|-supereffective|p2a: Gengar
|-damage|p2a: Gengar|113\/323
|move|p2a: Gengar|Hypnosis|p1a: Alakazam|[miss]
|-miss|p2a: Gengar
|
|turn|2
|J|Dread Arceus
|-message|gromper forfeited.
|
|win|dice