|J|Dice
|J|Nails
|player|p1|Dice|134
|player|p2|Nails|282
|gametype|singles
|gen|1
|tier|[Gen 1] OU
|seed|29694,31919,36123,9703
|rule|Sleep Clause Mod: Limit one foe put to sleep
|rule|Freeze Clause Mod: Limit one foe frozen
|rule|Species Clause: Limit one of each Pokémon
|rule|OHKO Clause: OHKO moves are banned
|rule|Evasion Moves Clause: Evasion moves are banned
|rule|HP Percentage Mod: HP is shown in percentages
|
|start
|switch|p1a: Alakazam|Alakazam, M|313\/313
|switch|p2a: Alakazam|Alakazam|313\/313
|turn|1
|c|★Nails|go to
|c|★Dice|i'll go cloy
|c|★Nails|y
|c|★Dice|go to w.e.
|choice|switch 5|switch 4
|
|switch|p2a: Exeggutor|Exeggutor|393\/393
|switch|p1a: Cloyster|Cloyster, M|303\/303
|
|turn|2
|choice|move 1|switch 6
|
|switch|p2a: Chansey|Chansey|703\/703
|move|p1a: Cloyster|Clamp|p2a: Chansey|[miss]
|-miss|p1a: Cloyster
|
|turn|3
|choice|move 1|switch 6
|
|switch|p2a: Exeggutor|Exeggutor|393\/393
|move|p1a: Cloyster|Clamp|p2a: Exeggutor
|-crit|p2a: Exeggutor
|-resisted|p2a: Exeggutor
|-damage|p2a: Exeggutor|360\/393
|
|turn|4
|choice|move 1|move 3
|
|move|p1a: Cloyster|Clamp|p2a: Exeggutor|[from]Clamp
|-damage|p2a: Exeggutor|327\/393
|cant|p2a: Exeggutor|partiallytrapped
|
|turn|5
|choice|move 1|move 3
|
|move|p1a: Cloyster|Clamp|p2a: Exeggutor
|-resisted|p2a: Exeggutor
|-damage|p2a: Exeggutor|310\/393
|cant|p2a: Exeggutor|partiallytrapped
|
|turn|6
|c|★Dice|ye
|c|★Dice|u shoulda been able
|c|★Dice|to discern
|c|★Dice|it ended there
|c|★Dice|via fight button.
|c|★Dice|but that doesnt' exist on ps.
|c|★Dice|.cry
|c|★Dice|wat to do.
|c|★Nails|damn
|c|★Nails|i mean
|J|EG Posho
|c|★Nails|this definitely
|L|EG Posho
|c|★Nails|buffs the f*ck
|c|★Nails|out of wrap
|c|★Dice|yea
|c|★Dice|its bad
|-message|Dice forfeited.
|
|win|Nails