|J|SoulWind
|J|Dice
|player|p1|SoulWind|168
|player|p2|Dice|1
|gametype|singles
|gen|1
|tier|[Gen 1] OU
|seed|47958,3327,33564,411
|rule|Sleep Clause Mod: Limit one foe put to sleep
|rule|Freeze Clause Mod: Limit one foe frozen
|rule|Species Clause: Limit one of each Pokémon
|rule|OHKO Clause: OHKO moves are banned
|rule|Evasion Moves Clause: Evasion moves are banned
|rule|HP Percentage Mod: HP is shown in percentages
|
|start
|switch|p1a: Alakazam|Alakazam, M|313\/313
|switch|p2a: Alakazam|Alakazam, M|313\/313
|turn|1
|J|peli
|J|Finchinator
|J|fat black woman
|J|Purrl
|L|Finchinator
|J|Omfuga
|L|peli
|J|Mr.378
|J|KratosMana
|L|KratosMana
|L|fat black woman
|c|★Dice|._.
|J|Jirachee
|L|Jirachee
|J|trc
|J|B& KC
|choice|switch 2|move 2
|
|switch|p1a: Exeggutor|Exeggutor, M|393\/393
|move|p2a: Alakazam|Thunder Wave|p1a: Exeggutor
|-status|p1a: Exeggutor|par
|
|turn|2
|c|★SoulWind|ass net
|c|★SoulWind|.
|c|★SoulWind|....
|c|%B& KC|kill him soulwind
|c|%B& KC|dice is garb
|c|★Dice|same
|J|theurbandear
|J|EG Posho
|L|EG Posho
|J|CasedVictory
|L|CasedVictory
|J|Bad Ass
|J|Jimmy Turtwig
|J|kamisamano49
|L|Jimmy Turtwig
|c|+kamisamano49|go dice
|c|★Dice|donde estas borja :(
|choice|move 1|move 3
|
|move|p2a: Alakazam|Seismic Toss|p1a: Exeggutor
|-damage|p1a: Exeggutor|293\/393 par
|move|p1a: Exeggutor|Sleep Powder|p2a: Alakazam
|-status|p2a: Alakazam|slp
|
|turn|3
|c|★SoulWind|i told u lol
|c|★SoulWind|i already moved
|c|★SoulWind|and this shit takes a year
|c|★SoulWind|i give up lol
|J|stathakis
|-message|SoulWind forfeited.
|
|win|Dice