|inactive|Battle timer is ON: inactive players will automatically lose when time's up.
|J|Nails
|J|Kingler12345
|player|p1|Nails|2
|player|p2|Kingler12345|169
|gametype|singles
|gen|1
|tier|[Gen 1] OU
|seed|62604,31854,52875,58357
|rule|Sleep Clause Mod: Limit one foe put to sleep
|rule|Freeze Clause Mod: Limit one foe frozen
|rule|Species Clause: Limit one of each Pokémon
|rule|OHKO Clause: OHKO moves are banned
|rule|Evasion Moves Clause: Evasion moves are banned
|rule|HP Percentage Mod: HP is shown in percentages
|
|start
|switch|p1a: Jynx|Jynx|333\/333
|switch|p2a: Alakazam|Alakazam|313\/313
|turn|1
|c|★Nails|ok all my mons have 4 moves
|c|★Nails|nice
|choice|move 2|move 4
|
|move|p2a: Alakazam|Thunder Wave|p1a: Jynx
|-status|p1a: Jynx|par
|move|p1a: Jynx|Lovely Kiss|p2a: Alakazam|[miss]
|-miss|p1a: Jynx
|
|turn|2
|c|★Kingler12345|good job (Y)
|choice|move 2|move 2
|
|move|p2a: Alakazam|Seismic Toss|p1a: Jynx
|-damage|p1a: Jynx|233\/333 par
|cant|p1a: Jynx|par
|
|turn|3
|choice|move 2|move 2
|
|move|p2a: Alakazam|Seismic Toss|p1a: Jynx
|-damage|p1a: Jynx|133\/333 par
|move|p1a: Jynx|Lovely Kiss|p2a: Alakazam
|-status|p2a: Alakazam|slp
|
|turn|4
|choice|move 4|switch 4
|
|switch|p2a: Snorlax|Snorlax|523\/523
|move|p1a: Jynx|Counter|p2a: Snorlax
|-fail|p1a: Jynx
|
|turn|5
|c|★Nails|ugh
|c|★Kingler12345|odd 
|c|★Nails|can we restart
|c|★Kingler12345|kk
|-message|Kingler12345 forfeited.
|
|win|Nails